@article{becker2008a,
  author = {Steffen Becker and Heiko Koziolek and Ralf Reussner},
  title = {{The Palladio Component Model for Model-driven Performance Prediction}},
  journal = {Journal of Systems and Software},
  year = {2009},
  volume = {82},
  pages = {3--22},
  doi = {10.1016/j.jss.2008.03.066},
  publisher = {Elsevier Science Inc.},
  url = {http://dx.doi.org/10.1016/j.jss.2008.03.066}
}

@article{mittelbach2014,
  author = {Frank Mittelbach},
  title = {How to influence the position of float environments like figure and table in \LaTeX?},
  journal = {TUGboat},
  year = {2014},
  volume = {35},
  pages = {248--254},
  url = {https://www.latex-project.org/publications/tb111mitt-float.pdf},
}

@INPROCEEDINGS{GPT3Testing,

  author={Zimmermann, Daniel and Koziolek, Anne},

  booktitle={2023 IEEE International Conference on Software Testing, Verification and Validation Workshops (ICSTW)}, 

  title={Automating GUI-based Software Testing with GPT-3}, 

  year={2023},

  volume={},

  number={},

  pages={62-65},

  doi={10.1109/ICSTW58534.2023.00022}}



@INPROCEEDINGS{implementation_verma_2023,

  author={Verma, Isha and Kumar, Deepak and Goel, Rajni},

  booktitle={6th International Conference on Information Systems and Computer Networks (ISCON)}, 

  title={Implementation and Comparison of Artificial Intelligence Techniques in Software Testing}, 

  year={2023},

  volume={},

  number={},

  pages={1-9},

  doi={10.1109/ISCON57294.2023.10112041}}


@INPROCEEDINGS{test_oracle_supervised_non_blackbox,
  author={Wang, Farn and Yao, Li-Wei and Wu, Jung-Hsuan},
  booktitle={2011 IEEE Ninth International Conference on Dependable, Autonomic and Secure Computing}, 
  title={Intelligent Test Oracle Construction for Reactive Systems without Explicit Specifications}, 
  year={2011},
  volume={},
  number={},
  pages={89-96},
  doi={10.1109/DASC.2011.39}}
@inproceedings{test_oracle_supervised_actions,
author = {Braga, Rony\'{e}rison and Neto, Pedro Santos and Rab\^{e}lo, Ricardo and Santiago, Jos\'{e} and Souza, Matheus},
title = {A Machine Learning Approach to Generate Test Oracles},
year = {2018},
isbn = {9781450365031},
publisher = {Association for Computing Machinery},
doi = {10.1145/3266237.3266273},
booktitle = {Proceedings of the XXXII Brazilian Symposium on Software Engineering},
pages = {142–151},
numpages = {10},
keywords = {testing automation, machine learning, test oracle},
}
@inproceedings{machine_fontes_2021,
author = {Fontes, Afonso and Gay, Gregory},
title = {Using Machine Learning to Generate Test Oracles: A Systematic Literature Review},
year = {2021},
isbn = {9781450386265},
publisher = {Association for Computing Machinery},
doi = {10.1145/3472675.3473974},
booktitle = {Proceedings of the 1st International Workshop on Test Oracles},
pages = {1–10},
numpages = {10},
series = {TORACLE 2021}
}
@ARTICLE{transformers_exploratory,
  author={Khaliq, Zubair and Farooq, Sheikh Umar and Khan, Dawood Ashraf},
  journal={Computer}, 
  title={Transformers for GUI Testing: A Plausible Solution to Automated Test Case Generation and Flaky Tests}, 
  year={2022},
  volume={55},
  number={3},
  pages={64-73},
  doi={10.1109/MC.2021.3136791}}

@INPROCEEDINGS{deep_reinforcement_exploring,

  author={Eskonen, Juha and Kahles, Julen and Reijonen, Joel},

  booktitle={2020 IEEE International Conference on Autonomic Computing and Self-Organizing Systems (ACSOS)}, 

  title={Automating GUI Testing with Image-Based Deep Reinforcement Learning}, 

  year={2020},

  volume={},

  number={},

  pages={160-167},

  doi={10.1109/ACSOS49614.2020.00038}}

@INPROCEEDINGS{saber_testing,

  author={Saber, Salma and Elbadry, Fatma and Negm, Hagar and El-Ershad, Rana Abu and Magdy, Omar and Bahnassawi, Mohamed and El Adawi, Reem and Bayoumi, AbdElMoniem},

  booktitle={2021 17th International Computer Engineering Conference (ICENCO)}, 

  title={Autonomous GUI Testing using Deep Reinforcement Learning}, 

  year={2021},

  volume={},

  number={},

  pages={94-100},

  doi={10.1109/ICENCO49852.2021.9715282}}

@inproceedings{tsung,
author = {Chang, Tsung-Hsiang and Yeh, Tom and Miller, Robert C.},
title = {GUI Testing Using Computer Vision},
year = {2010},
isbn = {9781605589299},
publisher = {Association for Computing Machinery},
address = {New York, NY, USA},
url = {https://doi.org/10.1145/1753326.1753555},
doi = {10.1145/1753326.1753555},
booktitle = {Proceedings of the SIGCHI Conference on Human Factors in Computing Systems},
pages = {1535–1544},
numpages = {10},
keywords = {gui testing, gui automation, test by demonstration},
location = {Atlanta, Georgia, USA},
series = {CHI '10}
}

  @misc{harries2020drift,
      title={DRIFT: Deep Reinforcement Learning for Functional Software Testing}, 
      author={Luke Harries and Rebekah Storan Clarke and Timothy Chapman and Swamy V. P. L. N. Nallamalli and Levent Ozgur and Shuktika Jain and Alex Leung and Steve Lim and Aaron Dietrich and José Miguel Hernández-Lobato and Tom Ellis and Cheng Zhang and Kamil Ciosek},
      year={2020},
      eprint={2007.08220},
      archivePrefix={arXiv},
      primaryClass={cs.LG}
}